<?xml version="1.0" encoding="UTF-8"?><record xmlns="http://www.loc.gov/MARC21/slim" xmlns:cinclude="http://apache.org/cocoon/include/1.0" xmlns:zs="http://www.loc.gov/zing/srw/">
  <leader>02179cz  a2200373n  4500</leader>
  <controlfield tag="001">no 98007491 </controlfield>
  <controlfield tag="003">DLC</controlfield>
  <controlfield tag="005">19980820050920.6</controlfield>
  <controlfield tag="008">980107n| acannaab|          |a aaa     c</controlfield>
  <datafield tag="010" ind1=" " ind2=" ">
    <subfield code="a">no 98007491 </subfield>
  </datafield>
  <datafield tag="035" ind1=" " ind2=" ">
    <subfield code="a">(OCoLC)oca04580882 </subfield>
  </datafield>
  <datafield tag="040" ind1=" " ind2=" ">
    <subfield code="a">OCoLC</subfield>
    <subfield code="c">OCoLC</subfield>
    <subfield code="d">PPi-MA</subfield>
  </datafield>
  <datafield tag="100" ind1="1" ind2="0">
    <subfield code="a">Ševčík, O.</subfield>
    <subfield code="q">(Otakar),</subfield>
    <subfield code="d">1852-1934.</subfield>
    <subfield code="t">Variations faciles</subfield>
  </datafield>
  <datafield tag="400" ind1="1" ind2="0">
    <subfield code="a">Ševčík, O.</subfield>
    <subfield code="q">(Otakar),</subfield>
    <subfield code="d">1852-1934.</subfield>
    <subfield code="t">40 variations faciles</subfield>
  </datafield>
  <datafield tag="400" ind1="1" ind2="0">
    <subfield code="a">Ševčík, O.</subfield>
    <subfield code="q">(Otakar),</subfield>
    <subfield code="d">1852-1934.</subfield>
    <subfield code="t">Quarante variations faciles</subfield>
  </datafield>
  <datafield tag="400" ind1="1" ind2="0">
    <subfield code="a">Ševčík, O.</subfield>
    <subfield code="q">(Otakar),</subfield>
    <subfield code="d">1852-1934.</subfield>
    <subfield code="t">Variations,</subfield>
    <subfield code="m">violin,</subfield>
    <subfield code="n">op. 3</subfield>
  </datafield>
  <datafield tag="400" ind1="1" ind2="0">
    <subfield code="a">Ševčík, O.</subfield>
    <subfield code="q">(Otakar),</subfield>
    <subfield code="d">1852-1934.</subfield>
    <subfield code="t">40 variací ku cvíčení smuků skákavých</subfield>
  </datafield>
  <datafield tag="400" ind1="1" ind2="0">
    <subfield code="a">Ševčík, O.</subfield>
    <subfield code="q">(Otakar),</subfield>
    <subfield code="d">1852-1934.</subfield>
    <subfield code="t">Čtyřicet variací ku cvíčení smuků skákavých</subfield>
  </datafield>
  <datafield tag="400" ind1="1" ind2="0">
    <subfield code="a">Ševčík, O.</subfield>
    <subfield code="q">(Otakar),</subfield>
    <subfield code="d">1852-1934.</subfield>
    <subfield code="t">Variací ku cvíčení smuků skákavých</subfield>
  </datafield>
  <datafield tag="400" ind1="1" ind2="0">
    <subfield code="a">Ševčík, O.</subfield>
    <subfield code="q">(Otakar),</subfield>
    <subfield code="d">1852-1934.</subfield>
    <subfield code="t">40 legkikh variat︠s︡ii</subfield>
  </datafield>
  <datafield tag="400" ind1="1" ind2="0">
    <subfield code="a">Ševčík, O.</subfield>
    <subfield code="q">(Otakar),</subfield>
    <subfield code="d">1852-1934.</subfield>
    <subfield code="t">Sorok legkikh variat︠s︡ii</subfield>
  </datafield>
  <datafield tag="400" ind1="1" ind2="0">
    <subfield code="a">Ševčík, O.</subfield>
    <subfield code="q">(Otakar),</subfield>
    <subfield code="d">1852-1934.</subfield>
    <subfield code="t">Legkie variat︠s︡ii</subfield>
  </datafield>
  <datafield tag="400" ind1="1" ind2="0">
    <subfield code="a">Ševčík, O.</subfield>
    <subfield code="q">(Otakar),</subfield>
    <subfield code="d">1852-1934.</subfield>
    <subfield code="t">Variationen in leichtem Stil</subfield>
  </datafield>
  <datafield tag="400" ind1="1" ind2="0">
    <subfield code="a">Ševčík, O.</subfield>
    <subfield code="q">(Otakar),</subfield>
    <subfield code="d">1852-1934.</subfield>
    <subfield code="t">40 variations in easy styles</subfield>
  </datafield>
  <datafield tag="400" ind1="1" ind2="0">
    <subfield code="a">Ševčík, O.</subfield>
    <subfield code="q">(Otakar),</subfield>
    <subfield code="d">1852-1934.</subfield>
    <subfield code="t">Forty variations in easy styles</subfield>
  </datafield>
  <datafield tag="400" ind1="1" ind2="0">
    <subfield code="a">Ševčík, O.</subfield>
    <subfield code="q">(Otakar),</subfield>
    <subfield code="d">1852-1934.</subfield>
    <subfield code="t">Variations in easy styles</subfield>
  </datafield>
  <datafield tag="400" ind1="1" ind2="0">
    <subfield code="a">Ševčík, O.</subfield>
    <subfield code="q">(Otakar),</subfield>
    <subfield code="d">1852-1934.</subfield>
    <subfield code="t">Forty easy variations</subfield>
  </datafield>
  <datafield tag="400" ind1="1" ind2="0">
    <subfield code="a">Ševčík, O.</subfield>
    <subfield code="q">(Otakar),</subfield>
    <subfield code="d">1852-1934.</subfield>
    <subfield code="t">40 easy variations</subfield>
  </datafield>
  <datafield tag="400" ind1="1" ind2="0">
    <subfield code="a">Ševčík, O.</subfield>
    <subfield code="q">(Otakar),</subfield>
    <subfield code="d">1852-1934.</subfield>
    <subfield code="t">Easy variations</subfield>
  </datafield>
  <datafield tag="667" ind1=" " ind2=" ">
    <subfield code="a">Machine-derived authority record.</subfield>
  </datafield>
  <datafield tag="670" ind1=" " ind2=" ">
    <subfield code="a">LCCN 88-754567: Ševčík, O. Forty variations for viola, op. 3, c1984</subfield>
  </datafield>
  <datafield tag="670" ind1=" " ind2=" ">
    <subfield code="a">MGG</subfield>
    <subfield code="b">(40 variations faciles pour le violon, op. 3)</subfield>
  </datafield>
  <datafield tag="670" ind1=" " ind2=" ">
    <subfield code="a">Pazdírek</subfield>
    <subfield code="b">(op. 3. Vierzig Variationen (40 variací ku cvíčení smuků skákavých; 40 lekikh [i.e. legkikh] varii︠a︡t︠s︡iĭ [i.e. variat︠s︡ii?]; 40 variations faciles), V)</subfield>
  </datafield>
  <datafield tag="675" ind1=" " ind2=" ">
    <subfield code="a">New Grove.</subfield>
  </datafield>
</record>